2807 3491
451 234 512 287 16

551 353 738 394 Petronii
768 353 820 393 C.
852 352 923 395 35.
958 365 1088 403 cuper
1119 357 1412 405 Scorpionem,
1447 357 1697 403 pisciculum
1721 355 1952 408 amun]
1992 356 2243 411 Suspicatur
2269 357 2516 405 pisciculum

448 435 765 480 cantuar-inum,
812 430 961 482 partim
988 442 1086 471 cum
1113 431 1171 471 N.
1209 429 1412 485 Heinsio,
1452 429 1522 484 qui
1551 430 1763 473 voluerat:
1800 434 1965 471 lencm
1987 437 2199 472 numm
2223 432 2295 472 vel
2330 443 2515 471 camma-

451 511 601 547 dnum.

554 582 603 625 C.
635 582 703 625 45.
757 585 940 625 Ferrum
966 588 1163 635 optinum
1183 588 1366 624 daturus
1387 589 1469 635 est,
1496 587 1589 624 aare
1609 586 1741 635 Ma,
1769 588 2015 625 camanum
2036 589 2082 625 in
2112 590 2246 625 medio
2279 594 2329 627 ut
2352 589 2516 637 anphi-

450 663 611 701 theatro
628 665 788 713 videat,
814 667 857 702 et
880 664 1022 714 habet,
1049 658 1192 713 unda]
1219 660 1379 715 „Loco
1412 659 1512 702 huic
1541 659 1709 715 quidam
1739 660 1919 702 alienum
1943 660 2068 715 plane
2100 671 2274 702 sensum
2297 660 2516 716 affingunt.

447 736 738 795 Burmannus,
780 744 826 780 ut
863 739 993 792 solet,
1024 737 1143 779 solus
1173 749 1323 778 verum
1354 737 1479 779 vidit..
1523 737 1759 779 Videamus
1797 737 1931 792 primo
1948 738 2142 781 muliorum
2181 737 2517 792 explicationem,

449 825 532 868 quo
551 814 710 856 clarius
742 821 907 872 pateat,
934 813 1032 868 quid
1054 814 1217 856 Echion
1249 814 1517 856 centonarius
1544 815 1748 871 voluerit,
1780 814 2008 869 magnifice
2037 815 2215 856 laudans
2238 817 2401 871 munus]
2417 815 2516 870 gla-

447 890 690 950 diatorium,
717 892 829 948 quod
853 891 1025 934 decurio
1055 891 1222 947 quidam
1245 891 1342 932 sive
1363 892 1479 934 sevir
1503 891 1716 947 municipii
1745 896 1867 933 essct
1890 890 2076 933 daturus.
2128 891 2190 934 nli
2217 896 2361 947 putant
2386 891 2518 940 verba

446 968 608 1022 prolata
636 968 683 1010 id
714 968 981 1024 significare:
1008 968 1127 1009 Titus
1153 973 1299 1010 noster
1323 974 1392 1010 est
1415 967 1585 1010 daturus
1617 967 1874 1025 gladiatores
1903 967 2082 1023 optimos
2113 974 2157 1009 et
2187 968 2516 1022 valentissimos,

449 1045 602 1100 quibus
622 1058 706 1087 non
735 1044 876 1087 licebit
906 1044 1056 1099 fugere
1084 1050 1156 1086 aut
1191 1044 1428 1087 detrectare
1459 1056 1674 1102 pugnam,
1712 1045 1907 1101 quoniam
1936 1045 2039 1087 victi
2071 1043 2317 1087 occidentur
2330 1074 2343 1100 ,
2381 1050 2426 1086 ut
2447 1044 2516 1087 ille

447 1122 594 1163 videat
632 1122 921 1177 polyandrium
944 1122 1041 1162 sive
1068 1123 1358 1163 coemiterium
1389 1124 1429 1163 in
1452 1122 1591 1163 medio
1627 1122 1948 1176 amphitheatr03
1990 1128 2035 1163 et
2064 1122 2210 1176 habet,
2252 1121 2364 1163 unde
2404 1127 2516 1162 tanto

448 1200 631 1254 sumptui
658 1198 867 1256 sufficiat,
902 1205 1081 1254 quantus
1119 1204 1187 1240 est
1216 1198 1435 1241 faciendus
1460 1200 1500 1240 in
1531 1199 1825 1254 comparandis
1861 1198 2162 1255 gladiatoribus
2175 1229 2188 1255 ,
2232 1200 2302 1254 qui
2338 1212 2391 1241 ea
2418 1199 2516 1253 lege

448 1282 576 1332 atque
603 1276 841 1320 conditione
870 1277 912 1319 in
943 1289 1115 1319 arenam
1144 1276 1412 1319 descendere
1440 1291 1518 1318 non
1545 1284 1759 1319 recusant.
1813 1281 2068 1318 Car-nomam
2093 1289 2198 1318 sane
2229 1277 2343 1318 aiunt
2377 1278 2515 1331 signi-

447 1353 578 1397 ficare
600 1354 764 1410 locum,
788 1354 859 1397 ubi
875 1366 980 1397 ossa
1003 1361 1258 1397 mortuorum
1281 1361 1503 1411 ponuntur,
1531 1355 1660 1410 idque
1685 1361 1772 1397 tum
1791 1369 1816 1396 e
1849 1367 1962 1398 voee
1992 1351 2158 1397 Gallica
2185 1357 2382 1395 cluamm-
2403 1354 2515 1396 idem

446 1431 737 1488 significante,
774 1440 863 1475 tum
896 1445 924 1474 e
951 1433 1082 1474 variis
1121 1432 1370 1488 scriptorum
1405 1433 1530 1483 lociS,
1565 1445 1676 1488 quae
1703 1432 1875 1488 collegit
1910 1432 1979 1474 Du
2011 1431 2163 1486 Gange
2205 1432 2247 1473 in
2278 1429 2519 1486 Glossari05

448 1509 727 1552 demonstrari
764 1521 898 1564 posse
926 1515 1081 1565 putant.
1133 1509 1347 1552 Nesciunt
1378 1511 1442 1552 isti
1479 1509 1694 1566 homines,
1721 1516 1843 1565 puto,
1867 1514 2111 1550 carnarium
2143 1509 2226 1551 dici
2247 1509 2406 1564 locmn,
2434 1522 2516 1564 quo

450 1598 604 1636 carnes
648 1587 746 1629 sive
779 1587 924 1630 siccae
954 1587 1049 1629 sive
1075 1585 1188 1630 fumo
1227 1587 1441 1631 induratae
1471 1586 1514 1630 in
1555 1600 1679 1630 usum
1712 1593 1989 1643 reponuntur,
2027 1594 2071 1629 ut
2112 1593 2227 1641 patet
2262 1599 2319 1629 ex
2354 1587 2516 1641 Plauto,

451 1665 574 1706 cuius
599 1665 739 1706 locum
760 1664 1043 1707 observationi
1063 1677 1169 1707 suae
1193 1665 1416 1720 adscripsit
1438 1665 1619 1707 eximius
1639 1666 1918 1707 Burmannus.
1970 1664 2126 1707 Audite
2152 1678 2264 1707 nunc
2293 1663 2371 1708 τὸν
2396 1662 2518 1706 πάνυ

448 1741 491 1781 in
510 1740 661 1782 eadem
680 1741 885 1783 Echionis
908 1741 1041 1783 verba
1066 1742 1123 1783 ita
1146 1748 1512 1784 commentantem:
1538 1742 1668 1798 „Non
1696 1748 1900 1784 mutarem
1927 1742 1997 1783 hic
2018 1740 2197 1798 aliquid,
2221 1741 2302 1782 sed
2318 1753 2516 1794 caperem

451 1817 506 1859 de
530 1818 750 1872 maehina,
778 1830 887 1874 quae
923 1825 1066 1860 erecta
1100 1819 1142 1860 in
1173 1819 1313 1859 media
1343 1831 1466 1860 arena
1490 1819 1682 1873 speciem
1714 1819 1890 1859 carnarii
1924 1818 2176 1874 praebebat,
2216 1819 2339 1871 quale
2373 1824 2516 1858 noster

449 1894 579 1936 refert
607 1894 715 1936 infra
753 1895 860 1948 Cap.
890 1893 958 1938 95.
994 1902 1037 1936 et
1062 1895 1157 1938 135.
1190 1902 1233 1936 et
1276 1895 1372 1937 136.
1400 1903 1439 1936 et
1468 1909 1494 1936 a
1527 1896 1676 1937 Plauto
1709 1895 1880 1937 Curcul.
1906 1896 1959 1936 11.
1988 1895 2063 1936 Sc.
2095 1895 2143 1947 3,
2169 1895 2238 1936 45.
2274 1902 2317 1935 et
2346 1903 2516 1935 auctore

451 1971 607 2013 Moreti
634 1984 677 2012 v.
696 1970 764 2013 56.
791 1978 1065 2025 memoratur,
1090 1973 1132 2013 in
1160 1985 1243 2027 quo
1261 1973 1443 2027 reposita
1466 1979 1556 2014 erat
1580 1972 1810 2014 visceratio
1830 1972 1903 2012 vel
1928 1983 2095 2025 carues,
2115 1983 2221 2025 quas
2240 1971 2308 2012 die
2329 1972 2516 2012 muneris

451 2050 518 2090 sui
551 2049 663 2102 plebi
696 2055 815 2090 esset
857 2049 1092 2090 divisurus:
1137 2050 1195 2091 ita
1229 2051 1341 2091 enim
1376 2053 1500 2091 moris
1529 2050 1688 2104 fuisse,
1727 2056 1772 2090 ut
1799 2049 1899 2091 lauti
1935 2055 2224 2090 munerator-es
2259 2050 2516 2102 spectaculis

448 2126 612 2182 epulas,
638 2138 813 2181 panem,
835 2126 994 2182 vinum,
1020 2128 1230 2182 crustula,
1256 2128 1434 2168 mulsum
1465 2133 1507 2169 et
1529 2127 1680 2168 similia
1710 2126 1961 2181 adiicerent,
1988 2125 2131 2166 infiniti
2158 2124 2321 2177 lapides
2350 2131 2515 2166 testan-

448 2208 526 2243 tur.
579 2201 711 2242 Nova
746 2201 828 2243 hac
859 2208 901 2243 et
936 2202 1129 2243 inusitata
1166 2215 1299 2245 scena
1331 2203 1590 2257 municipalis
1621 2203 1691 2244 hic
1725 2208 1869 2243 noster
1895 2203 2014 2243 Titus
2041 2202 2236 2255 populum
2269 2201 2515 2257 delectabat,

450 2278 520 2332 qui
545 2277 704 2319 lardum
727 2284 770 2320 et
802 2279 938 2319 omnis
966 2280 1139 2334 generis
1163 2292 1334 2320 carnem
1364 2279 1417 2319 ibi
1450 2291 1704 2334 suspensam
1736 2277 1944 2318 videbat-’²
1998 2277 2034 2318 Ο
2066 2277 2200 2318 virum
2228 2277 2421 2331 dignum,
2449 2279 2516 2318 cui

447 2355 590 2396 Pallas
616 2354 765 2395 sedem
792 2355 833 2396 in
862 2355 1083 2397 orchestra
1119 2355 1212 2397 det!
1266 2356 1439 2398 Scilicet
1473 2357 1612 2397 denuo
1650 2357 1719 2396 ille
1745 2357 1827 2398 hoc
1857 2357 1950 2397 loco
1975 2356 2097 2411 dicit,
2133 2355 2244 2410 quod
2271 2368 2393 2396 nemo
2420 2338 2515 2397 ante

448 2445 499 2473 se
527 2432 713 2489 dixerat,
758 2438 803 2473 et
832 2433 980 2486 docet,
1023 2433 1135 2487 quod
1174 2434 1328 2475 nemini
1361 2440 1454 2474 ante
1492 2446 1542 2473 se
1584 2433 1626 2473 in
1662 2438 1845 2474 mentem
1887 2439 2075 2474 venerat.
2128 2433 2250 2473 Multi
2286 2439 2405 2488 sunt,
2446 2433 2515 2487 qui

449 2509 712 2564 scrIpserunt
744 2515 787 2551 et
817 2508 982 2551 idoneis
1006 2510 1319 2553 auctoritatibus
1343 2511 1612 2552 ostenderunt
1638 2510 1799 2551 muneri
1820 2509 2023 2552 interdum
2042 2509 2368 2552 viscerationem
2381 2508 2515 2551 fuisse

448 2586 650 2640 additam3
680 2587 750 2641 qui
779 2593 922 2628 autem
939 2586 1128 2628 docuerit
1144 2587 1303 2628 lardum
1325 2593 1367 2628 et
1394 2589 1525 2629 omnis
1548 2588 1724 2644 generis
1752 2599 1921 2629 carnem
1938 2588 1978 2629 in
2009 2587 2146 2629 media
2171 2598 2298 2628 arena
2329 2599 2515 2642 suspen-

450 2677 540 2705 sam
566 2664 702 2706 fuisse
731 2665 785 2706 ad
825 2664 1147 2706 delectationem
1180 2666 1344 2723 populi,
1383 2673 1546 2720 praeter
1579 2678 1706 2708 unum
1741 2666 2020 2707 Burmannum
2058 2665 2196 2706 adhuc
2226 2672 2416 2720 repertus
2451 2673 2515 2707 est

449 2754 574 2783 nemo
604 2743 710 2784 cet.”
744 2763 786 2772 -·
820 2742 1001 2783 *Veram
1028 2748 1127 2796 puto
1168 2743 1545 2798 interpretationem
1574 2755 1667 2785 voc.
1697 2739 1958 2796 carnarium,
1998 2755 2123 2799 quam
2157 2743 2371 2798 proposuit
2396 2744 2514 2786 Ver-

448 2819 644 2875 burgius;
683 2819 763 2859 sed
792 2819 887 2874 ipse
919 2831 1087 2875 quoque
1115 2821 1375 2876 negligentia
1405 2822 1620 2877 peccavit,
1656 2832 1751 2862 cum
1793 2822 1834 2862 in
1869 2823 2062 2863 lemmate
2097 2821 2314 2862 exhiberet
2351 2824 2515 2872 amphi-

448 2900 611 2935 theatro
641 2902 684 2935 et
709 2901 859 2950 postea
897 2902 1179 2937 construeret:
1227 2904 1311 2954 „ut
1337 2897 1405 2937 ille
1437 2899 1579 2939 videat
1611 2898 1899 2953 polyandrium
1928 2899 1969 2939 in
2002 2898 2141 2938 medio
2180 2897 2515 2951 amphitheatro?

448 2973 626 3016 Scilicet
654 2985 757 3014 vera
791 2973 916 3015 lectio
947 2972 1058 3015 haec
1089 2979 1173 3016 est:
1217 2977 1398 3015 Ferrum
1425 2980 1620 3026 optimum
1652 2979 1831 3016 daturus
1858 2982 1944 3026 est,
1986 2979 2077 3015 sine
2100 2976 2225 3027 fuya,
2272 2980 2516 3016 carnarium

449 3054 492 3090 in
517 3054 674 3102 medio,
702 3056 752 3089 ut
776 3052 1126 3101 amphitheatrum
1154 3055 1290 3091 videat
1298 3064 1316 3102 ;
1343 3056 1384 3090 ec
1410 3054 1547 3103 hahet,
1577 3056 1709 3092 unde:
1738 3058 1856 3094 recte
1885 3052 1967 3093 iam
1994 3049 2202 3103 explicata
2227 3062 2253 3092 a
2279 3050 2514 3093 Scheffero.

551 3127 603 3169 C.
627 3127 695 3171 48.
729 3133 837 3169 Nam
864 3130 1066 3180 Sibyllam
1091 3132 1254 3179 quidem
1283 3132 1425 3169 cumis
1451 3144 1521 3179 eqo
1549 3134 1638 3180 ipae
1665 3133 1797 3170 eculin
1823 3133 1924 3170 meis
1949 3131 2035 3167 vidi
2059 3132 2102 3168 in
2128 3133 2313 3180 ampulla
2334 3134 2517 3181 pendere
