2807 3491
2302 169 2364 221 17

296 294 357 342 et,
404 297 500 330 ean
535 289 599 329 611⁸·
632 290 760 338 paeri
791 289 1001 339 dicerent,
1040 283 1389 343 „Statium-tt
1420 284 1602 336 selec&
1643 289 1923 336 reaeponaobac
1952 289 2051 326 illa.-
2096 284 2363 328 Ἀκοδανεῖν

296 363 455 420 θέλω]
479 364 619 408 noete
651 362 815 406 deridet
837 363 986 411 mium
1015 354 1240 407 surm-ni
1271 368 1574 417 maneum,
1614 363 1668 402 ιιι
1703 363 1885 405 Antonio
1919 356 2163 418 repetitum·
2196 361 2362 419 „asni-

295 442 403 486 forte
429 441 509 485 fuit·
525 441 633 484 inter
656 440 832 498 vulgum
862 439 1067 497 Sibyllam
1094 440 1151 483 ibi
1167 440 1333 498 seruari
1355 439 1399 482 in
1420 440 1600 495 ampulla
1624 441 1794 497 „„oleo
1819 443 1962 495 plena,
1976 444 2034 466 ”⁹⁹
2060 455 2116 482 ne
2133 447 2362 495 putresee-

295 519 407 562 ret.”
457 512 551 561 Sed
587 518 682 574 ipse
730 530 814 561 non
847 518 986 561 minus
1027 519 1132 560 mire
1169 518 1460 572 interpret-mr
1491 523 1677 567 pendere
1722 523 1767 557 in
1817 524 2026 571 ampulla,
2086 523 2364 580 „maere

295 598 523 648 ampullae,
563 601 608 638 ut
641 607 750 638 anus
777 582 948 639 bibaces
975 596 1150 638 solent-‘³
1202 595 1339 636 Homo
1377 593 1517 636 fatuus
1532 623 1546 650 ,
1589 594 1863 650 Trimalchio,
1906 595 2026 651 fingit
2059 608 2111 638 se
2152 595 2359 652 Sibyllam

297 673 418 714 senio
443 686 574 727 prope
601 660 889 727 consumptam
911 673 1084 715 vidisse
1106 672 1439 714 asservatamin
1467 672 1646 726 ampulla
1671 673 1830 724 vitrea,
1857 672 1936 713 sed
1963 684 2124 727 vacua,
2150 686 2230 717 non
2260 673 2357 716 oleo

296 752 471 805 repleta.

401 841 450 884 C.
479 840 548 883 61.
602 844 651 881 Si
679 845 781 892 quid
809 843 862 880 ab
903 843 975 880 illa
1011 845 1133 892 peni,
1173 850 1389 892 nunquam
1424 842 1524 881 milei
1556 846 1751 890 nequam
1787 842 1911 889 fecie.-
1949 853 2109 892 mem,
2150 843 2355 881 semissem

298 922 441 970 habai,
469 923 514 958 in
542 921 654 958 illius
674 923 813 958 amam
830 922 1076 958 demandavi
1080 931 1095 966 ‚-
1120 930 1198 958 nec
1228 929 1414 968 anquam
1436 914 1643 966 fefellitus
1668 915 1796 970 aaut]
1824 917 1946 959 Haec
1964 923 2008 959 et
2024 917 2286 959 Burmannus
2313 925 2355 959 et

301 996 493 1037 inimicus
511 995 604 1036 eius
622 1006 767 1048 parum
785 1000 901 1036 recte
930 994 1257 1047 constituerunt3
1284 995 1354 1035 ille
1371 994 1534 1036 seilicet
1552 993 1755 1035 distinxit:
1781 1006 1998 1046 nunquam
2022 997 2124 1034 milti
2143 1002 2353 1046 matum,-

293 1076 398 1122 fecit
423 1084 580 1123 assera,
607 1076 817 1111 emacem
848 1073 1001 1121 habu&
1040 1075 1085 1111 in
1110 1074 1222 1112 uliae
1241 1077 1393 1113 mireum
1427 1075 1673 1112 demandavi
1706 1077 1786 1112 cet.
1839 1071 1916 1126 „Si
1948 1083 2140 1126 caupona
2171 1071 2244 1124 (id
2275 1079 2354 1124 est,

298 1149 427 1203 copa)
453 1148 521 1189 illa
546 1159 689 1189 assem
713 1153 889 1203 quaestu
913 1158 993 1189 suo
1012 1146 1171 1189 lucrata
1196 1147 1342 1204 fuerat,
1369 1158 1421 1189 se
1444 1148 1668 1189 semissem
1698 1148 1897 1189 habuisse
1927 1154 1970 1190 et
1997 1160 2096 1190 cum
2123 1161 2177 1189 ea
2198 1149 2354 1190 lucrum

298 1224 501 1269 divisisse
533 1228 670 1270 iactat.
725 1229 883 1268 Facere
910 1239 1069 1279 asem,
1096 1232 1142 1268 ut
1156 1228 1309 1277 facere
1327 1238 1416 1267 rem
1441 1232 1482 1268 et
1510 1225 1671 1267 similia.
1724 1226 1879 1281 Neque
1908 1233 2065 1268 tantum
2095 1238 2353 1269 communem

299 1318 393 1347 oum
422 1305 491 1347 illa
511 1305 732 1360 pecuniam
758 1303 956 1346 habuisse
970 1334 982 1358 ‚
1017 1303 1097 1346 sed
1129 1309 1171 1345 et
1190 1315 1345 1346 arcana
1371 1314 1450 1345 sua
1478 1305 1532 1346 illi
1561 1303 1818 1361 credidisse,
1845 1305 1947 1346 dicit
1973 1305 2139 1359 plebeia
2166 1311 2208 1346 et
2234 1306 2353 1346 inso-

307 1384 407 1425 lenti
435 1383 641 1425 locutione
656 1413 669 1440 ,
706 1388 751 1423 in
780 1385 893 1423 illias
916 1387 1055 1423 sinum
1080 1386 1326 1423 demandavi
1344 1394 1423 1422 nec
1450 1392 1637 1433 anquam
1658 1384 1863 1431 fefellitus
1891 1383 2022 1423 sum?
2074 1383 2215 1436 Atque
2247 1382 2353 1424 banc

299 1461 498 1502 rationem
533 1449 709 1501 secutus
739 1466 805 1500 est
836 1460 1069 1513 Antonius,
1113 1460 1192 1500 nisi
1228 1459 1338 1513 quod
1377 1466 1595 1513 praeterea
1629 1471 1655 1500 a
1687 1458 1908 1501 Scheffero
1939 1459 2078 1501 induci
2114 1472 2164 1501 se
2199 1471 2352 1514 passus

300 1545 388 1593 est,
416 1545 459 1579 ut
486 1537 651 1579 ederet:
674 1539 827 1587 fefellit
852 1550 984 1577 ustam.
1038 1537 1229 1591 Scriptor
1254 1542 1391 1578 autem
1424 1536 1785 1579 Chrestomathiae
1811 1537 2011 1590 explicat:
2053 1538 2140 1593 „Si
2167 1538 2263 1591 quid
2298 1540 2351 1579 ab

298 1616 366 1656 illa
401 1616 528 1669 petii,
565 1613 606 1655 id
641 1625 850 1669 nunquam
877 1614 975 1655 mihi
1010 1619 1209 1669 negatum
1245 1611 1332 1654 fuit.
1395 1614 1444 1654 Si
1480 1615 1673 1669 petebam
1704 1627 1848 1655 assem
1883 1621 1953 1655 aut
1995 1615 2244 1667 semissem,
2288 1616 2352 1656 illa

301 1691 427 1732 dedit.
479 1692 525 1732 In
545 1691 653 1732 illius
683 1691 820 1731 sinum
851 1691 888 1730 si
919 1690 1085 1744 quando
1117 1700 1281 1730 manum
1321 1691 1509 1730 inserere
1542 1691 1734 1731 volebam
1748 1722 1760 1745 ,
1787 1691 2036 1732 demandavi
2063 1692 2086 1743 (
2094 1692 2135 1734 id
2159 1699 2247 1747 est,
2272 1706 2353 1745 po-

300 1769 442 1821 posci,
468 1768 661 1821 rogavi);
689 1780 769 1808 non
802 1767 1076 1820 repugnavit,
1103 1778 1184 1808 nec
1205 1778 1385 1821 unquam
1412 1767 1555 1808 fefellit
1579 1769 1687 1808 me.”
1714 1768 1873 1808 Verum
1902 1768 2093 1821 plebeius
2117 1769 2185 1809 ille
2216 1781 2354 1809 sermo

301 1847 365 1886 sic
392 1845 667 1898 exponendus
691 1851 862 1886 servata
881 1844 1158 1900 distinctione,
1187 1855 1307 1898 quam
1329 1845 1501 1898 primam
1522 1845 1666 1899 posui:
1694 1867 1733 1875 —-
1770 1852 1964 1895 neyatum
1977 1848 2082 1894 feeit
2092 1858 2168 1898 pro
2182 1851 2353 1894 nequest.

301 1922 350 1964 Si
371 1934 514 1963 assem
545 1922 613 1962 vel
643 1921 868 1962 semissem
895 1922 1080 1963 lucratus
1105 1933 1232 1978 eram,
1259 1922 1299 1962 in
1328 1921 1436 1962 illius
1461 1922 1581 1976 sinu,
1609 1923 1678 1962 ubi
1705 1923 1902 1963 servabat
1932 1934 2125 1963 nummos
2152 1923 2353 1963 cotidiano

301 2001 393 2041 usui
425 1999 654 2040 destinatos
685 2005 754 2040 aut
790 2011 865 2052 per
899 1998 1008 2039 diem
1048 1999 1100 2039 ab
1131 1998 1428 2040 adventatibus
1453 2004 1676 2054 acceptos,
1704 1999 1878 2052 deposui
1908 2006 1950 2039 et
1981 1999 2091 2040 illius
2121 1998 2219 2040 fidei
2249 2012 2353 2040 con-

303 2062 484 2130 credidi,
510 2088 592 2116 nec
617 2087 797 2129 unquam
822 2075 873 2115 ab
903 2087 954 2115 ea
978 2074 1183 2128 deceptus
1209 2087 1314 2116 sum.

405 2179 455 2219 C.
482 2178 551 2220 74.
586 2182 842 2228 Fortunata,
873 2185 918 2217 a!
938 2192 994 2217 ει·
1015 2191 1149 2228 aequo
1172 2183 1238 2218 ius
1254 2179 1423 2226 firmum
1444 2181 1713 2230 approbaret,
1743 2183 1987 2219 maledicere
2017 2183 2352 2219 Trimalchionem

302 2255 453 2307 coelur]
489 2258 564 2295 Ius
588 2254 756 2301 firmam
796 2262 912 2295 recte
939 2254 1135 2307 exposuit
1159 2255 1422 2296 Burmannus
1461 2261 1666 2308 sequente
1701 2255 1905 2295 Antonio:
1950 2261 2017 2295 ias
2052 2263 2233 2305 certum;
2273 2268 2353 2296 nec

302 2331 463 2385 probari
490 2337 630 2384 potest
656 2331 884 2386 Verburgii
911 2332 1169 2372 coniectura:
1196 2337 1262 2370 ias
1287 2344 1422 2372 saum.
1463 2331 1691 2384 (Tribuitur
1719 2331 1885 2385 quidem
1913 2344 1938 2372 a
1965 2333 2132 2373 Nizolio
2159 2331 2352 2372 Ciceroni

302 2409 450 2461 (Verr.
477 2408 678 2450 Accusat.
706 2409 758 2463 5,
784 2409 860 2461 22,
887 2407 977 2461 58.)
1004 2421 1076 2448 vv,
1106 2412 1222 2457 Quae
1246 2412 1410 2448 colonia
1431 2416 1493 2449 esc
1518 2413 1563 2448 in
1587 2412 1709 2448 Italia
1739 2416 1823 2448 tam
1845 2410 1967 2456 firmo
1998 2414 2108 2449 iare:
2139 2408 2214 2448 sed
2243 2422 2353 2450 nunc

305 2486 471 2540 quidem
504 2500 527 2525 e
556 2484 689 2527 Codd.
717 2485 960 2527 auctoritate
988 2486 1041 2526 ibi
1068 2486 1268 2541 legimus:
1297 2492 1381 2525 lam
1410 2489 1511 2525 bono
1538 2485 1665 2538 iure.)

404 2587 454 2630 C.
485 2587 552 2629 78.
606 2592 771 2628 Credite
798 2591 914 2640 milti,
944 2601 1080 2629 assem
1105 2591 1277 2639 habeas,
1308 2601 1443 2630 assem
1466 2592 1634 2638 ralea83
1661 2592 1807 2641 habes,
1828 2589 2058 2640 habeberis]
2085 2588 2224 2630 Recte
2246 2590 2355 2630 haec

301 2668 592 2719 interpretatus
619 2671 686 2706 est
711 2665 770 2709 N.
798 2665 1021 2706 Heinsius:
1062 2673 1293 2723 „quantum
1329 2666 1481 2722 habes,
1519 2668 1619 2708 tanti
1653 2667 1919 2719 habeberis;”
1956 2667 2012 2707 ita
2051 2672 2093 2707 ut
2123 2667 2355 2708 reiicienda

302 2744 356 2783 sit
381 2743 606 2797 Verburgii
643 2744 847 2796 suspicio:
889 2746 1033 2796 habes,
1073 2747 1259 2784 habebis.-
1286 2746 1391 2799 „qui
1432 2744 1551 2785 dives
1581 2752 1671 2800 est,
1713 2745 1833 2787 facile
1870 2745 1912 2785 fit
1944 2744 2084 2799 ditior,
2121 2751 2164 2785 et
2190 2745 2355 2786 habenti

304 2820 509 2862 ‹labitur.”

406 2910 456 2951 C.
485 2909 551 2950 91.
607 2914 714 2958 Quid
741 2914 866 2960 diem,
893 2914 1103 2959 pereyrini
1132 2915 1284 2950 amoris
1310 2916 1520 2952 concessio
1536 2911 1588 2963 ἓ]
1617 2912 1755 2953 Primo
1782 2912 1924 2951 intuitu
1950 2911 2132 2964 placebit
2149 2912 2353 2952 nonnullis

302 2985 530 3039 Verburgii
559 2987 816 3027 coniectura:
859 2992 1041 3025 accessio
1055 3017 1066 3037 ,
1113 2987 1458 3043 additamentum,
1490 2989 1636 3030 melior
1664 2996 1778 3031 certe
1802 2988 2110 3030 Burmanniana
2133 2991 2353 3037 confessio.

303 3062 391 3104 Sed
433 3064 596 3105 obstant
636 3061 842 3105 Glossae.
881 3075 1072 3119 quarum,
1110 3075 1205 3105 cum
1236 3063 1340 3105 satis
1371 3065 1562 3119 antiquae
1595 3066 1703 3119 sint,
1731 3075 1891 3105 summa
1921 3066 1963 3105 in
1992 3065 2175 3105 Petronii
2205 3064 2353 3118 κρίσει

1914 3142 1941 3184 3
