2807 3491
2297 165 2361 219 15

1056 528 1419 581 CAPUT
1501 530 1573 581 II.

390 694 638 738 Posuimus
654 693 839 736 Petronii
857 694 1006 752 editor,
1033 695 1257 754 Antonius,
1279 706 1453 750 prorsus
1472 696 1663 751 neglexit
1681 697 1849 739 satiram
1864 698 1974 738 illam
1994 702 2352 755 contumeliosam,

288 756 398 828 quse
426 772 630 826 inscript·
664 777 752 814 osu
798 775 1130 813 careaco-naehta
1154 775 1716 814 Petronio-numanumna
1741 782 1816 816 cet.
1843 778 2085 817 morentiae
2108 778 2351 830 (Αωειοιο-

287 848 431 903 dami)
449 847 574 892 1784.
598 847 663 906 8.,
705 861 813 905 quae
843 848 1074 893 attribuitur
1105 848 1254 892 isaaco
1278 848 1532 905 Verburgio.
1546 850 1586 904 1)
1639 849 1783 892 Pauca
1817 856 1957 893 tamen
1995 853 2198 907 quaed-'m
2230 856 2272 897 in
2297 868 2351 898 ea

287 927 572 983 reperiuntur,
617 937 727 981 quae
765 937 871 967 sane
899 926 1072 967 meliora
1097 932 1194 969 sunt
1222 927 1627 981 interpretationibus
1656 927 1976 971 Burmannianis
1989 959 2003 983 ,
2046 942 2100 972 ac
2134 939 2351 987 propterea

291 1001 454 1060 addito,
479 1002 549 1044 ubi
568 1015 676 1058 opus
696 1001 916 1044 videbatur
929 1033 942 1059 ,
969 1008 1112 1045 nostro
1141 1003 1295 1046 iudicio
1314 1014 1548 1058 excerpere
1574 1004 1726 1058 placet.

337 1182 379 1222 1)
426 1184 558 1218 Nullas
582 1183 647 1218 vel
669 1184 802 1218 saltem
824 1192 998 1227 perquam
1021 1186 1174 1228 exiguas
1198 1185 1254 1218 Ti.
1279 1185 1541 1218 Bemsterbusii
1565 1188 1691 1227 partes
1714 1187 1751 1217 in
1775 1186 1844 1218 boc
1869 1185 1997 1219 libello
2023 1187 2139 1219 fuisse
2160 1188 2244 1220 mihi
2266 1196 2351 1230 per-

429 1255 576 1281 suasum
601 1248 676 1281 est:
713 1255 796 1281 nam
820 1247 886 1281 illc
920 1248 1061 1290 quidem
1098 1248 1209 1281 etiam
1231 1249 1264 1280 si
1287 1248 1389 1279 vires
1411 1256 1494 1281 suas
1529 1247 1698 1281 consulto
1723 1251 1978 1291 extenuasset,
2021 1251 2139 1283 tamen
2165 1251 2351 1285 docoetnae

430 1305 555 1353 cupiat,
583 1311 723 1351 ingenii
746 1310 949 1343 subtilitate
972 1311 1085 1352 longe
1108 1311 1221 1344 aliter
1243 1311 1427 1343 obruisset
1448 1311 1643 1343 inimicum.
1704 1312 1816 1344 Immo
1852 1314 1932 1345 tota
1954 1313 2029 1346 ista
2048 1313 2170 1354 opinio
2195 1314 2351 1348 obscura

434 1371 559 1413 aliqua
580 1372 680 1406 fama
701 1373 747 1406 de
769 1372 978 1415 simultate,
1017 1380 1109 1414 quae
1133 1372 1247 1406 fuerit
1280 1372 1380 1405 inter
1403 1371 1709 1406 Hemsterhusium
1745 1374 1784 1405 et
1807 1374 2071 1417 Burmannum,
2104 1376 2171 1407 niti
2193 1377 2349 1409 videtur.

431 1432 508 1468 Csr.
533 1435 637 1468 Saxii
661 1435 930 1469 Onomasticon.
955 1435 1040 1470 vol.
1057 1436 1094 1479 5,
1120 1445 1156 1477 p.
1176 1434 1265 1467 4⁰74.
1291 1435 1519 1468 Incredibilis
1543 1431 1744 1478 ἀβλεψίας
1767 1436 1985 1469 documenta
2008 1438 2185 1478 quomodo
2209 1439 2352 1472 dederit

433 1498 676 1539 Burmannus,
713 1499 892 1531 monstrat
927 1499 1006 1531 eius
1041 1499 1246 1531 insectator
1267 1506 1303 1538 p.
1329 1496 1388 1529 15.
1415 1520 1443 1542 ‚,
1453 1497 1745 1531 fflcuniarckes
1768 1498 1931 1531 lucernis
1956 1499 2205 1533 occidentibus
2231 1501 2350 1534 oleum

427 1557 651 1602 infuderat]
689 1560 814 1593 Verba
836 1561 909 1593 ista
932 1559 1123 1602 explicans
1146 1558 1472 1592 excellentissimus
1495 1561 1776 1600 commentator,
1804 1561 1901 1592 inter
1924 1560 2000 1593 alia
2024 1562 2079 1593 ita
2101 1561 2227 1594 habet:
2266 1563 2350 1604 „De

428 1622 686 1664 superstitiosa
706 1625 829 1655 autem
856 1630 964 1665 cura,
988 1631 1036 1655 ne
1060 1623 1362 1664 extinguerentur
1383 1621 1575 1664 lucernae,
1600 1622 1779 1663 capienda
1800 1621 1867 1655 illa
1891 1622 2012 1656 Ovidii
2034 1622 2149 1666 Epist.
2176 1623 2242 1666 19,
2269 1624 2347 1657 151.

429 1686 529 1720 Ecce
550 1694 693 1719 mertem
715 1685 849 1719 nutrix
871 1683 1021 1727 faustos
1043 1684 1209 1719 instillat
1231 1685 1270 1718 in
1293 1682 1436 1728 ἕρπει’)
1481 1685 1648 1727 Arrigite
1672 1692 1793 1727 aures,
1816 1686 2032 1728 paedagogi,
2056 1694 2103 1719 ne
2125 1688 2347 1720 Burmannus

429 1749 528 1780 dicat
551 1748 650 1780 forte
674 1756 742 1780 vos
765 1747 854 1780 nihil
878 1755 988 1788 posse
1011 1748 1187 1789 arrigere.
1211 1749 1269 1780 An
1291 1746 1414 1780 locum
1437 1747 1558 1780 Ovidii
1580 1746 1763 1788 prolatum
1785 1747 1996 1790 intelligere
2014 1757 2167 1789 unquam
2181 1749 2348 1782 licuisset

426 1811 553 1853 vobis,
587 1811 659 1843 nisi
681 1818 833 1853 magnus
856 1810 965 1844 heros
988 1817 1124 1843 merum
1158 1811 1195 1842 in
1216 1811 1321 1852 ignes
1344 1803 1627 1842 instillavisset?
1676 1807 1880 1850 Capiendus
1918 1813 1975 1843 est
2009 1811 2114 1843 locus
2150 1813 2194 1844 de
2218 1820 2347 1853 super-

429 1873 578 1907 stitiosa
602 1880 711 1915 cura,
735 1880 782 1905 ne
807 1874 1108 1915 extinguerentur
1130 1872 1314 1905 lucernae.
1363 1874 1403 1904 ld
1426 1875 1657 1905 mementote.
1707 1874 1794 1905 Scio
1819 1882 1886 1905 vos
1907 1875 2115 1916 putavisse,
2157 1876 2347 1916 antequam

431 1943 503 1977 ego
527 1936 598 1968 hoc
622 1937 728 1968 vobis
752 1936 970 1978 indicaram,
1007 1935 1129 1968 Ovidii
1152 1935 1272 1968 locum
1295 1937 1478 1977 pertinere
1501 1935 1548 1968 ad
1573 1936 1705 1968 omina.
1752 1936 1921 1968 Lucerna
1944 1936 2063 1969 Herus
2086 1937 2242 1970 sternuit
2273 1938 2347 1976 (di-

428 1999 531 2035 citis)
557 2000 596 2031 et
619 1999 702 2031 visa
724 2001 783 2031 est
806 1999 860 2030 ita
883 1999 1028 2031 dedisse
1052 2007 1227 2039 prospera
1249 1999 1375 2041 signa,
1413 2005 1503 2039 quae
1534 1998 1694 2031 Leandri
1718 1999 1914 2031 adventum
1941 1999 2219 2040 portendebant:
2263 2008 2349 2041 pro-

429 2063 560 2102 pterea
583 2061 707 2093 nutrix
732 2060 918 2102 paululum
940 2061 1019 2093 vini
1040 2061 1226 2102 adspergit
1247 2060 1432 2102 lucernae,
1456 2062 1496 2093 ut
1519 2061 1662 2093 namma
1684 2061 1832 2101 saepius
1855 2063 2075 2104 sternueret,
2100 2064 2137 2094 et
2160 2063 2212 2094 ita
2229 2063 2348 2094 omina

429 2131 608 2163 prospera
630 2122 827 2164 aliquoties
851 2125 1039 2164 repeteret
1063 2125 1150 2156 vino
1173 2124 1366 2165 adsperso,
1391 2125 1429 2155 ut
1451 2122 1568 2164 solet,
1594 2131 1614 2155 e
1639 2125 1806 2155 veterum
1830 2125 2087 2164 superstitione
2103 2126 2147 2156 de
2162 2126 2348 2156 sternuta-

429 2186 599 2218 tionibus.
648 2186 718 2228 At,
754 2195 776 2219 o
801 2187 904 2228 boui,
944 2187 1130 2227 poeniteat
1168 2193 1234 2218 vos
1258 2185 1458 2218 foedissimi
1493 2186 1640 2217 erroris.
1690 2185 1816 2217 Verba
1854 2187 1926 2217 ista
1963 2188 2047 2217 sunt
2087 2186 2262 2227 capienda
2301 2187 2348 2218 de

429 2249 692 2289 superstitiosa
716 2256 823 2291 cura,
863 2256 910 2281 ne
935 2249 1233 2290 extinguerentur
1254 2246 1438 2281 lucernae.
1485 2248 1542 2279 An
1579 2255 1652 2279 non
1692 2249 1783 2279 satis
1807 2250 1882 2288 est,
1921 2248 2015 2287 quod
2038 2249 2084 2281 ab
2110 2248 2251 2280 homine
2275 2257 2346 2281 uno

428 2313 512 2352 post
551 2311 714 2343 homines
748 2313 855 2344 natos
896 2310 1138 2349 (doctissimo
1162 2311 1306 2343 videtur
1330 2311 1550 2346 excidisse:)
1592 2311 1628 2342 id
1669 2303 1874 2341 docemini?
1915 2310 2048 2342 Vinum
2082 2311 2201 2342 dicitis
2225 2312 2346 2351 aptius

428 2373 602 2407 lucernae
627 2374 895 2415 extinguendae
920 2382 1025 2415 quam
1048 2374 1174 2406 lumini
1198 2375 1464 2415 conservando,
1488 2373 1581 2413 quod
1607 2381 1674 2404 vos
1699 2371 1783 2404 oleo
1808 2371 1888 2404 fieri
1913 2372 2042 2404 melius
2065 2373 2284 2405 contenditis
2309 2378 2348 2406 et

429 2437 512 2468 ideo
536 2436 653 2468 adhuc
675 2443 802 2467 manus
826 2437 947 2468 victas
972 2438 1060 2468 dare
1083 2437 1271 2468 recusatis.
1322 2434 1447 2476 Capite
1469 2436 1583 2475 igitur
1605 2444 1748 2467 merum
1772 2435 1809 2466 in
1834 2434 1919 2467 loco
1944 2434 2062 2468 Ovidii
2087 2443 2152 2475 pro
2177 2434 2282 2478 oleo,
2307 2439 2347 2467 ut

430 2497 538 2538 plane
562 2499 600 2529 in
625 2506 670 2530 eo
694 2498 872 2540 videatis,
898 2499 991 2539 quod
1016 2499 1167 2530 eximius
1189 2499 1373 2538 interpres
1396 2494 1517 2529 vidit.’'
1557 2512 1604 2520 —
1643 2497 1681 2528 P.
1710 2495 1766 2527 17.
1791 2497 1910 2538 „Pag.
1936 2496 1996 2527 93.
2021 2497 2163 2529 erudite
2194 2498 2346 2530 adnotat

428 2561 486 2592 vir
509 2568 685 2602 summus,
709 2559 937 2601 horologium
962 2561 1076 2593 fuisse
1098 2562 1134 2592 in
1157 2560 1237 2592 soro
1262 2559 1425 2592 Romano
1447 2560 1527 2592 sive
1551 2558 1738 2600 solarium,
1764 2558 1884 2599 qualia
1909 2562 1993 2590 tunc
2009 2559 2163 2590 nondum
2186 2562 2346 2600 repertis

427 2621 648 2664 horologiis,
672 2629 763 2662 quae
787 2621 920 2654 rotulis
943 2625 1156 2665 moventur,
1180 2623 1215 2653 in
1240 2630 1306 2654 usu
1333 2625 1444 2659 erant.
1479 2622 1643 2654 Necesse
1667 2623 1753 2662 fuit,
1779 2624 1819 2653 ut
1841 2622 1878 2652 in
1901 2620 1988 2653 aere
2012 2623 2140 2661 aperto
2165 2621 2348 2655 haberen-

430 2687 508 2726 tur,
544 2686 713 2725 quoniam
735 2685 862 2717 umbra
885 2684 978 2718 solis
1010 2686 1193 2719 indicabat
1227 2685 1347 2718 horas.
1395 2683 1508 2718 Multa
1543 2685 1657 2726 igitur
1690 2684 1926 2716 admiratione
1955 2683 2100 2724 dignum
2133 2685 2212 2725 est,
2252 2686 2347 2725 quod

428 2748 601 2780 docemur
623 2747 692 2780 hoc
716 2747 802 2780 loco
827 2746 1131 2781 Trimalchionem
1169 2748 1205 2780 in
1246 2747 1406 2781 triclinio
1444 2747 1614 2788 privatim
1649 2745 1872 2787 horologium
1903 2735 2136 2778 sciatericum
2167 2747 2347 2779 babuisse.

427 2811 572 2843 Utinam
596 2811 927 2852 praestantissimus
951 2814 1273 2844 commentatorum
1297 2812 1509 2851 addidisset,
1551 2817 1622 2850 qua
1645 2811 1787 2842 ratione
1811 2809 1903 2841 radii
1926 2807 2017 2841 solis
2040 2809 2078 2840 id
2103 2817 2170 2850 per
2195 2809 2345 2842 triclinii

428 2875 610 2906 fenestras
633 2871 801 2906 ferirent!
839 2881 921 2905 nam
956 2873 1047 2906 illud
1072 2875 1124 2906 ita
1150 2873 1360 2914 dispositum
1385 2875 1471 2913 fuit,
1511 2874 1551 2904 ut
1576 2874 1655 2904 toto
1696 2873 1752 2904 die
1788 2872 1880 2903 radii
1915 2870 2006 2903 solis
2039 2872 2078 2903 in
2101 2873 2283 2913 privatum
2306 2874 2341 2904 id

429 2935 706 2968 Trimalchionis
736 2934 964 2977 horologium
988 2936 1201 2969 inciderent.
1250 2932 1353 2977 Quod
1379 2938 1410 2968 si
1433 2934 1622 2976 argutulus
1645 2936 1725 2975 quis
1749 2935 1845 2965 dicat
1870 2933 2102 2974 clepsydram
2128 2935 2261 2977 fuisse,
2287 2934 2345 2966 illi

429 2999 641 3040 opponimus
666 2999 857 3032 Burmanni
882 2998 1137 3041 eruditionem,
1163 3006 1233 3031 non
1256 2999 1301 3030 de
1327 2998 1536 3040 clepsydra,
1562 2998 1625 3029 sed
1651 2998 1696 3028 de
1721 2995 1931 3038 horologio,
1957 2996 2066 3036 quale
2094 2999 2127 3027 in
2154 2997 2236 3029 foro
2262 2997 2346 3038 mit,

429 3059 676 3103 explicantis.”
