2807 3491
499 154 561 208 18

498 278 568 316 est
590 274 828 318 auotoritas.
880 272 1018 314 Recte
1049 278 1278 327 exponunt:
1324 272 1575 329 „Amasius,
1601 274 1671 328 qui
1698 273 1876 323 alienum
1913 284 2090 321 nonnis
2111 286 2182 321 est
2213 280 2335 334 eique
2361 286 2412 322 se
2441 291 2557 334 con-¹

495 351 678 393 cessit-’⁹
729 349 855 391 Hunc
881 348 1066 392 Petronii
1099 362 1220 392 usum
1249 349 1562 406 bexicograplu'
1583 350 1766 399 nondum
1788 360 2054 407 receperint
2410 401 2417 406 ⁴

597 426 649 468 C.
676 426 772 468 114.
825 431 911 467 Sed
940 440 1019 468 nee
1055 435 1192 468 certos
1215 428 1372 476 fluctus
1399 432 1547 467 ventu
1575 428 1819 482 micros]
1861 427 2000 482 Recte
2025 435 2236 479 mse
2266 433 2378 476 hunc
2409 433 2546 475 lomim

493 505 658 545 videtur
683 504 1048 552 Chrestomathiae
1082 505 1278 557 scriptor:
1315 503 1621 557 „Variantibus
1646 504 1689 545 in
1713 510 1964 558 tempestate
1988 507 2153 563 ventis,
2178 517 2295 564 mare
2323 521 2435 551 nunc
2463 509 2546 550 huc

500 582 741 636 impellitur,
775 592 887 622 nunc
915 582 1034 634 illuc13
1073 592 1152 622 nec
1182 580 1263 633 ipsi
1287 580 1440 622 fluctus
1467 587 1610 622 tenent
1643 592 1813 623 cursum
1837 588 2009 623 certum.
2060 584 2148 625 Ista
2172 583 2294 624 nobis
2327 586 2544 636 videbatur

488 671 594 700 vera
619 660 742 700 istius
768 660 851 701 loci
870 659 1075 700 sententia
1098 664 1141 699 et
1163 658 1631 711 maximexconveniens
1653 659 1939 714 sequentibus,
1966 660 2036 701 ubi
2057 667 2211 703 ventus
2233 661 2351 703 varia
2370 662 2543 704 dedisse

487 736 622 778 littora
635 767 647 790 ‚
676 742 800 790 prout
827 734 1055 778 mutabatur
1068 764 1080 786 ,
1108 733 1268 777 dicitur.
1320 734 1499 778 Meliora
1528 741 1666 777 tamen
1710 747 1788 778 nos
1824 735 1964 778 docuit
2002 735 2148 780 doctm
2173 735 2199 782 ὁ
2225 735 2367 788 πάνυ,
2394 739 2465 793 qui
2490 740 2543 782 ad

486 813 618 854 verba
644 814 813 854 minime
852 810 1033 854 difficilia
1069 810 1280 853 intellectu
1304 812 1362 852 ita
1393 818 1711 854 commentatur:
1747 813 1935 870 „„Nihil
1970 819 2171 855 mutarem
2208 814 2321 867 (scil.
2359 815 2540 869 Iunger-

483 902 661 933 mannus
682 889 920 944 proposuit:
958 889 1141 939 cereus.)
1169 888 1338 931 Ventus
1367 902 1448 932 non
1473 889 1644 944 impellit
1672 895 1813 932 certos
1847 888 2021 945 fluctus,
2065 889 2107 931 id
2139 896 2229 946 est,
2273 892 2472 947 aequales
2498 899 2539 935 et

482 968 589 1009 inter
621 979 672 1008 se
694 966 879 1021 similes,
916 965 995 1007 sed
1026 971 1069 1006 ut
1094 965 1135 1006 in
1157 970 1410 1019 tempestate
1440 965 1528 1007 fleri
1552 966 1684 1022 solet,
1716 967 1785 1022 qui
1810 965 1934 1009 modo
1965 966 2019 1008 ad
2048 966 2210 1009 caelum
2240 979 2393 1010 navem
2429 982 2537 1010 eve-

482 1045 606 1100 hunt,
647 1047 770 1086 modo
806 1043 858 1085 ad
898 1041 1066 1085 fundum
1109 1042 1353 1098 deprimunt.
1419 1042 1655 1098 Aliquando
1696 1043 1877 1085 remissa
1912 1043 1977 1100 vi,
2024 1049 2068 1086 ut
2103 1026 2294 1099 videtur,
2330 1047 2537 1100 procellae

482 1124 691 1177 minores,
719 1121 871 1162 deinde
896 1121 1076 1162 saevitia
1096 1127 1314 1162 ventorum
1341 1121 1558 1175 ingruente
1586 1121 1770 1163 maiores
1795 1121 1947 1163 fluctus
1971 1133 2086 1163 mare
2104 1122 2248 1163 volvit.
2258 1123 2281 1145 ”
2290 1124 2314 1145 ”

580 1199 817 1241 Chrestom.
844 1212 884 1253 p.
913 1198 1009 1242 172.
1036 1197 1248 1252 probanda
1282 1196 1476 1240 videntur
1505 1197 1634 1240 baec:
1676 1197 1903 1254 „Scriptor
1932 1199 2117 1241 incertus
2142 1198 2450 1242 Consolationis
2481 1202 2534 1243 ad

483 1277 648 1318 Liviam
675 1276 795 1332 fingit
821 1288 914 1318 eam
940 1277 984 1317 in
1009 1282 1140 1318 morte
1167 1276 1294 1317 Drusi
1322 1281 1561 1330 querentem
1575 1304 1589 1329 ‚
1617 1275 1726 1330 quod
1757 1275 1828 1317 filii
1853 1281 2008 1318 tantum
2028 1275 2212 1318 cadaver
2233 1277 2352 1318 matri
2374 1278 2535 1320 licuerit

475 1355 686 1408 amplecti,
713 1366 852 1409 neque
869 1354 912 1395 id
931 1353 1014 1407 diu,
1041 1365 1136 1395 cum
1159 1352 1345 1394 cadaver
1362 1353 1493 1407 ipsum
1514 1364 1619 1407 rogo
1639 1359 1758 1393 esset
1780 1352 1897 1393 brevi
1915 1353 2253 1395 comburendum.
2280 1354 2424 1397 Versu
2438 1355 2531 1398 134.

478 1437 655 1485 questus
681 1442 785 1472 suos
810 1430 934 1471 Livia
955 1430 1108 1484 profert
1138 1430 1259 1471 hisce
1281 1429 1448 1472 verbis:

951 1511 1029 1548 Hic
1050 1512 1218 1558 pietatis
1245 1507 1410 1546 honos?
1435 1508 1565 1545 Areus
1592 1508 1819 1556 amplector
1845 1511 1992 1546 inanes
1997 1520 2014 1557 ,-

1038 1588 1092 1625 Et
1117 1590 1239 1624 vocat
1265 1586 1341 1623 hos
1368 1587 1477 1634 ipsos
1501 1582 1670 1632 flamma
1697 1594 1906 1633 roqusque
1932 1595 2046 1623 suus.

469 1664 531 1704 lta
559 1662 837 1703 exhibuerunt
872 1662 1160 1703 Bersmannus
1186 1661 1228 1701 in
1255 1665 1464 1713 postrema
1499 1659 1680 1700 editione
1714 1659 1866 1713 aliique
1903 1666 1999 1700 ante
2035 1672 2152 1701 eum:
2198 1666 2240 1701 et
2279 1673 2330 1701 ea
2367 1662 2530 1703 videtur

469 1752 573 1781 vera
590 1740 740 1795 lectio,
766 1740 807 1780 in
835 1751 918 1794 qua
946 1738 1046 1780 nihil
1068 1737 1322 1780 difficultatis
1348 1737 1455 1777 inest
1482 1748 1565 1777 nec
1591 1735 1868 1776 tenebrarum.
1920 1736 2077 1778 Postea
2095 1750 2251 1794 errore,
2278 1744 2322 1779 ut
2346 1744 2529 1780 statuere

468 1817 589 1873 licet,
614 1816 946 1873 typographico,
975 1815 1113 1870 coepit
1143 1814 1211 1855 edi
1236 1820 1382 1865 vora-t,
1412 1826 1489 1869 quo
1519 1813 1613 1854 loco
1642 1819 1738 1854 ante
1759 1812 2127 1869 legebaturvvocat.
2154 1814 2207 1855 Et
2234 1814 2298 1856 sic
2323 1816 2529 1857 sententia

467 1895 649 1935 intricari
676 1901 719 1934 et
750 1894 964 1934 obscurari
1001 1892 1164 1947 coepit,
1198 1892 1265 1932 cui
1296 1897 1341 1931 ut
1376 1891 1509 1930 lucem
1543 1889 1830 1930 senerarentur
1853 1891 2055 1930 Heinsius
2095 1898 2137 1931 et
2161 1892 2396 1932 Burmanns
2422 1905 2527 1931 suus

469 1977 674 2012 mutarunt
709 1971 749 2011 in
777 1975 905 2010 smus.
959 1969 1087 2010 Nunc
1108 1969 1233 2023 igitur
1263 1968 1435 2022 legitur:

930 2049 1007 2085 Hie
1031 2050 1198 2095 pietatis
1224 2045 1388 2084 Itonos?
1414 2046 1543 2082 Arius
1569 2047 1796 2093 amplector
1825 2049 1991 2095 inanes,

1031 2127 1085 2162 Et
1110 2129 1233 2161 vorat
1256 2125 1333 2160 hos
1360 2125 1469 2170 ipsos
1491 2122 1662 2169 flamma
1688 2133 1897 2171 roqueque
1923 2126 2053 2160 sinus.

467 2202 614 2255 anue
641 2203 798 2241 ratione
826 2215 851 2240 e
880 2207 1137 2254 pentametro
1163 2205 1307 2251 aperto
1335 2204 1378 2238 et
1403 2197 1511 2238 facili
1537 2197 1676 2238 iactus
1704 2204 1771 2237 est
1795 2209 1951 2237 versus
1979 2198 2221 2238 obscurus?9

565 2278 670 2332 Cap.
700 2278 792 2319 127.
846 2286 930 2318 tam
974 2281 1109 2317 dulcis
1151 2289 1281 2316 sonus
1306 2276 1569 2326 pertentabat
1592 2279 1698 2314 aera
1710 2305 1723 2326 ,
1771 2281 1820 2313 ut
1840 2281 2015 2324 putares
2058 2279 2167 2314 inter
2207 2288 2339 2314 auras
2373 2288 2524 2314 canere

461 2361 659 2396 Sirenum
677 2355 973 2410 concordiam]
1001 2355 1162 2409 „Varie
1187 2354 1294 2394 haec
1320 2353 1464 2405 legunt
1491 2357 1535 2393 et
1562 2352 1773 2405 explicant
1799 2358 2158 2392 commentatores.
2212 2351 2521 2393 celeberrimus

461 2434 721 2473 Burmannus
756 2431 871 2472 dedit
897 2432 1117 2472 lectionem
1145 2442 1266 2485 quam
1297 2429 1570 2484 exhibemus,
1599 2435 1642 2469 et
1673 2433 1782 2468 inter
1807 2441 1938 2467 auras
1971 2429 2171 2482 explicat:
2210 2458 2238 2483 „
2248 2429 2391 2484 „Leni
2429 2430 2521 2483 spi-

459 2517 574 2550 rante
603 2522 725 2560 aura,
763 2520 872 2563 quae
918 2509 1016 2549 vice
1056 2509 1309 2549 musicorum
1346 2495 1708 2547 instrumentorum
1752 2505 2068 2546 modulationem
2106 2506 2299 2547 Sirenum
2336 2507 2519 2549 adiuvat.

458 2589 519 2628 Ita
542 2593 649 2628 inter
681 2599 894 2639 somnum,
940 2590 1050 2625 inter
1074 2593 1257 2636 metm,
1305 2590 1410 2625 inter
1449 2597 1618 2625 coenam
1658 2589 1701 2623 et
1739 2583 1885 2623 similia
1922 2584 2083 2637 passim
2112 2590 2344 2624 occurrunt.
2397 2585 2518 2640 ”2³¹⁰

457 2665 608 2718 quibus
631 2671 766 2704 tamen
795 2663 986 2703 omnibus
1014 2663 1254 2715 exprimitur
1281 2662 1457 2714 spatium
1496 2661 1697 2714 temporis
1724 2667 1793 2700 aut
1823 2661 1930 2716 loci,
1969 2667 2014 2700 ut
2040 2659 2310 2701 Grammatici
2335 2661 2516 2715 loquun-

454 2748 546 2797 tur,
575 2740 684 2795 quod
710 2745 820 2782 inter
845 2751 978 2780 auras
1005 2739 1158 2780 nullum
1185 2745 1263 2781 est.
1318 2736 1458 2790 Quare
1484 2743 1601 2779 intus
1632 2749 1782 2790 aures,
1813 2737 1922 2792 quod
1949 2736 2147 2779 Sambuci
2186 2743 2254 2778 est
2294 2742 2335 2778 et
2367 2737 2516 2793 Codd„

451 2818 786 2873 praeferremus,
827 2817 865 2859 si
903 2830 979 2872 per
1014 2817 1293 2859 Burmannum
1328 2817 1498 2873 liceret,
1538 2817 1606 2871 qui
1649 2815 1746 2858 dicit
1777 2815 1817 2856 id
1859 2814 2079 2857 obscurius
2103 2813 2193 2855 sibi
2230 2813 2362 2856 videri
2392 2827 2513 2869 quam

450 2901 559 2937 inter
585 2907 726 2936 aures.
779 2895 953 2937 Scilicet
984 2899 1099 2935 imus
1127 2907 1254 2934 aures
1282 2900 1371 2946 est,
1414 2893 1521 2948 quod
1554 2904 1632 2935 nos
1657 2893 1884 2934 vernacule
1910 2892 2087 2933 dicimus
2118 2893 2260 2930 within
2294 2895 2362 2932 the
2391 2905 2486 2933 ears
2494 2925 2508 2946 ,

451 2974 545 3015 sive
572 2974 612 3015 in
640 2973 748 3027 ipsis
775 2972 954 3014 auribus.
1009 2972 1197 3026 Totaque
1225 2971 1400 3013 formula
1425 2972 1480 3012 ita
1508 2977 1604 3026 apte
1633 2969 2000 3012 circumscribitur:
2034 2970 2089 3007 U!
2120 2971 2305 3008 viderere
2346 2974 2387 3008 in
2414 2974 2514 3020 ipris

448 3053 621 3090 auribus
649 3054 798 3090 audire
825 3052 1108 3101 symphoniam
1132 3052 1329 3088 Sirenum
1353 3054 1641 3089 suavissimam
1667 3048 1773 3088 cet.”
